@book{nielsen_chuang,
  author =       "Michael A. Nielsen, Isaac L. Chuang",
  title =        "Quantum Computation and Quantum Information",
  journal =      "Cambridge University Press",
  year =         "2010"
}